@article{hochreiter1997long,
  title={Long short-term memory},
  author={Hochreiter, Sepp and Schmidhuber, J{\"u}rgen},
  journal={Neural computation},
  volume={9},
  number={8},
  pages={1735--1780},
  year={1997},
  publisher={MIT Press}
}

@inproceedings{miller1989designing,
  title={Designing Neural Networks using Genetic Algorithms.},
  author={Miller, Geoffrey F and Todd, Peter M and Hegde, Shailesh U},
  booktitle={ICGA},
  volume={89},
  pages={379--384},
  year={1989}
}

@article{stanley2002evolving,
  title={Evolving neural networks through augmenting topologies},
  author={Stanley, Kenneth O and Miikkulainen, Risto},
  journal={Evolutionary computation},
  volume={10},
  number={2},
  pages={99--127},
  year={2002},
  publisher={MIT Press}
}

@inproceedings{zoph2018learning,
  title={Learning transferable architectures for scalable image recognition},
  author={Zoph, Barret and Vasudevan, Vijay and Shlens, Jonathon and Le, Quoc V},
  booktitle={Proceedings of the IEEE conference on computer vision and pattern recognition},
  pages={8697--8710},
  year={2018}
}


@misc{srivastava2015highway,
      title={Highway Networks}, 
      author={Rupesh Kumar Srivastava and Klaus Greff and JÃ¼rgen Schmidhuber},
      year={2015},
      eprint={1505.00387},
      archivePrefix={arXiv},
      primaryClass={cs.LG},
      note    = {arXiv:1505.00387}
}


@inproceedings{real2019regularized,
  title={Regularized evolution for image classifier architecture search},
  author={Real, Esteban and Aggarwal, Alok and Huang, Yanping and Le, Quoc V},
  booktitle={Proceedings of the aaai conference on artificial intelligence},
  volume={33},
  pages={4780--4789},
  year={2019}
}


@misc{brock2017smash,
      title={SMASH: One-Shot Model Architecture Search through HyperNetworks}, 
      author={Andrew Brock and Theodore Lim and J. M. Ritchie and Nick Weston},
      year={2017},
      eprint={1708.05344},
      archivePrefix={arXiv},
      primaryClass={cs.LG}
}

@misc{hu2019squeezeandexcitation,
      title={Squeeze-and-Excitation Networks}, 
      author={Jie Hu and Li Shen and Samuel Albanie and Gang Sun and Enhua Wu},
      year={2019},
      eprint={1709.01507},
      archivePrefix={arXiv},
      primaryClass={cs.CV}
}

@misc{ba2016layer,
      title={Layer Normalization}, 
      author={Jimmy Lei Ba and Jamie Ryan Kiros and Geoffrey E. Hinton},
      year={2016},
      eprint={1607.06450},
      archivePrefix={arXiv},
      primaryClass={stat.ML}
}


@inproceedings{xu2015new,
  title={A new image data set and benchmark for cervical dysplasia classification evaluation},
  author={Xu, Tao and Xin, Cheng and Long, L Rodney and Antani, Sameer and Xue, Zhiyun and Kim, Edward and Huang, Xiaolei},
  booktitle={International Workshop on Machine Learning in Medical Imaging},
  pages={26--35},
  year={2015},
  organization={Springer}
}

@inproceedings{Ioffe2015,
    archivePrefix = {arXiv},
    arxivId = {1502.03167},
    author = {Ioffe, Sergey and Szegedy, Christian},
    booktitle = {32nd International Conference on Machine Learning, ICML 2015},
    eprint = {1502.03167},
    isbn = {9781510810587},
    title = {{Batch normalization: Accelerating deep network training by reducing internal covariate shift}},
    year = {2015}
}

@inproceedings{He2016,
    archivePrefix = {arXiv},
    arxivId = {1512.03385},
    author = {He, Kaiming and Zhang, Xiangyu and Ren, Shaoqing and Sun, Jian},
    booktitle = {Proceedings of the IEEE Computer Society Conference on Computer Vision and Pattern Recognition},
    doi = {10.1109/CVPR.2016.90},
    eprint = {1512.03385},
    isbn = {9781467388504},
    issn = {10636919},
    title = {{Deep residual learning for image recognition}},
    year = {2016}
}


